<?xml version="1.0" encoding="UTF-8"?><collection xmlns="http://www.loc.gov/MARC21/slim"><record><leader>00323nam--2200133-i-4500</leader><controlfield tag="001">000047835</controlfield><controlfield tag="002">20161230</controlfield><controlfield tag="005">20161230201046</controlfield><controlfield tag="008">060222s1000------------r-----000-0-eng-d</controlfield><datafield ind1=" " ind2=" " tag="080"><subfield code="a">512.8</subfield></datafield><datafield ind1=" " ind2=" " tag="100"><subfield code="a">Wunsch, Gerhard</subfield></datafield><datafield ind1=" " ind2=" " tag="245"><subfield code="a">Algebraische grundbegriffe</subfield></datafield><datafield ind1=" " ind2=" " tag="260"><subfield code="a">Berlin, Veb Verlag Technik, 1970, 212p</subfield></datafield><datafield ind1=" " ind2=" " tag="852"><subfield code="a">33541</subfield></datafield></record></collection>